<?xml version="1.0" encoding="UTF-8"?><collection xmlns="http://www.loc.gov/MARC21/slim"><record><leader>00411nam--2200121-i-4500</leader><controlfield tag="001">000006630</controlfield><controlfield tag="002">20161230</controlfield><controlfield tag="005">20161230201026</controlfield><controlfield tag="008">060222s1000------------r-----000-0-eng-d</controlfield><datafield ind1=" " ind2=" " tag="100"><subfield code="a">Catz, A.L., Sadeh, D., Amiel, S</subfield></datafield><datafield ind1=" " ind2=" " tag="245"><subfield code="a">Spectrum of the central group of neutrons from po-be and sourcesl, measured by the time-of-fl ight technique</subfield></datafield><datafield ind1=" " ind2=" " tag="260"><subfield code="a">Rehovoth, Israel Atomic Energy Commission,1963 8 P</subfield></datafield><datafield ind1=" " ind2=" " tag="852"><subfield code="a">10626</subfield></datafield></record></collection>